@article{PINOKY,
   author = "杉浦 裕太 and リー カリスタ and 尾形 正泰 and ウィタナ アヌーシャ and 坂本 大介 and 牧野 泰才 and 五十嵐 健夫 and 稲見 昌彦",
   title = "{PINOKY}：ぬいぐるみに動きを付与するデバイス",
   journal = "情報処理学会論文誌",
   year = "2016",
   volume = "57",
   number = "12",
   pages	 = "2542--2553",
   month	 = "dec"
}

@Misc{Nuibot,
   author = "郭子楽 and BinodDakal and Haoyan Li and 西野朋加 and 三武裕玄 and 長谷川晶一",
   title = "{Nuibot}:ぬいぐるみ機構の駆動制御システムとビジュアルプログラミング環境",
   howpublished = "Robomec2019 1P2-G10",
   year = "2018",
   month	 = "June"
}

@techreport{仮想的な外見,
   author	 = "井上 亮文 and 石河 竜太 and 山本 光良",
   title	 = "仮想的な外見を有するぬいぐるみ型玩具の提案",
   year 	 = "2020",
   institution	 = "東京工科大学コンピュータサイエンス学部",
   number	 = "24",
   month	 = "oct"
}